@inproceedings{yuan2004annealed,
	title={Annealed map},
	author={Yuan, Changhe and Lu, Tsai-Ching and Druzdzel, Marek J},
	booktitle={Proceedings of the 20th conference on Uncertainty in artificial intelligence},
	pages={628--635},
	year={2004},
	organization={AUAI Press}
}
@article{scott1991feasibility,
	title={Feasibility of multivariate density estimates},
	author={Scott, David W},
	journal={Biometrika},
	volume={78},
	number={1},
	pages={197--205},
	year={1991},
	publisher={Oxford University Press}
}
@article{stone1980optimal,
	title={Optimal rates of convergence for nonparametric estimators},
	author={Stone, Charles J},
	journal={The annals of Statistics},
	pages={1348--1360},
	year={1980},
	publisher={JSTOR}
}
@article{bernadac_random_1995,
	title = {Random continued fractions and inverse {Gaussian} distribution on a symmetric cone},
	volume = {8},
	issn = {0894-9840, 1572-9230},
	doi = {10.1007/BF02212879},
	language = {en},
	number = {2},
	urldate = {2018-04-13},
	journal = {Journal of Theoretical Probability},
	author = {Bernadac, Evelyne},
	month = apr,
	year = {1995},
	pages = {221--259}
}
@article{andrieu2000simulated,
	title={Simulated annealing for maximum a posteriori parameter estimation of hidden Markov models},
	author={Andrieu, Christophe and Doucet, Arnaud},
	journal={IEEE Transactions on Information Theory},
	volume={46},
	number={3},
	pages={994--1004},
	year={2000},
	publisher={IEEE}
}
@article{price1972extension,
	title={Extension of covariance selection mathematics},
	author={Price, George R},
	journal={Annals of human genetics},
	volume={35},
	number={4},
	pages={485--490},
	year={1972},
	publisher={Wiley Online Library}
}
@article{roederer1995cd8,
	title={CD8 naive T cell counts decrease progressively in HIV-infected adults.},
	author={Roederer, Mario and Dubs, J Gregson and Anderson, Michael T and Raju, Paul A and Herzenberg, Leonore A},
	journal={The Journal of clinical investigation},
	volume={95},
	number={5},
	pages={2061--2066},
	year={1995},
	publisher={Am Soc Clin Investig}
}
@article{krantz2011elevated,
	title={Elevated CD8 counts during HAART are associated with HIV virologic treatment failure},
	author={Krantz, Elizabeth M and Hullsiek, Katherine Huppler and Okulicz, Jason F and Weintrob, Amy C and Agan, Brian K and Crum-Cianflone, Nancy F and Ganesan, Anuradha and Ferguson, Tomas M and Hale, Braden R and Infectious Disease Clinical Research Program HIV Working Group and others},
	journal={Journal of acquired immune deficiency syndromes (1999)},
	volume={57},
	number={5},
	pages={396},
	year={2011},
	publisher={NIH Public Access}
}
@article{lu2015cd4,
	title={CD4: CD8 ratio as a frontier marker for clinical outcome, immune dysfunction and viral reservoir size in virologically suppressed HIV-positive patients},
	author={Lu, Wei and Mehraj, Vikram and Vyboh, Kishanda and Cao, Wei and Li, Taisheng and Routy, Jean-Pierre},
	journal={Journal of the International AIDS Society},
	volume={18},
	number={1},
	pages={20052},
	year={2015},
	publisher={Wiley Online Library}
}
@article{doyon2005selection,
	title={Selection and characterization of HIV-1 showing reduced susceptibility to the non-peptidic protease inhibitor tipranavir},
	author={Doyon, Louise and Tremblay, Sonia and Bourgon, Lise and Wardrop, Elizabeth and Cordingley, Michael G},
	journal={Antiviral research},
	volume={68},
	number={1},
	pages={27--35},
	year={2005},
	publisher={Elsevier}
}
@article{gulzar2004cd8,
	title={CD8+ T-cells: function and response to HIV infection},
	author={Gulzar, Naveed and Copeland, Karen FT},
	journal={Current HIV research},
	volume={2},
	number={1},
	pages={23--37},
	year={2004},
	publisher={Bentham Science Publishers}
}
@article{shafer2017human,
	title={Human immunodeficiency virus type 1 drug resistance mutations update},
	author={Shafer, Robert W},
	journal={The Journal of infectious diseases},
	volume={216},
	number={suppl\_9},
	pages={S843--S846},
	year={2017},
	publisher={Oxford University Press US}
}

@article{huldrych_antiretroviralrecomm,
	title={Antiretroviral treatment of adult HIV infection: 2014 recommendations of the International Antiviral Society--USA Panel},
	author={G{\"u}nthard, Huldrych F and Aberg, Judith A and Eron, Joseph J and Hoy, Jennifer F and Telenti, Amalio and Benson, Constance A and Burger, David M and Cahn, Pedro and Gallant, Joel E and Glesby, Marshall J and others},
	journal={Jama},
	volume={312},
	number={4},
	pages={410--425},
	year={2014},
	publisher={American Medical Association}
}
@article{shafer2002genotypic,
	title={Genotypic testing for human immunodeficiency virus type 1 drug resistance},
	author={Shafer, Robert W},
	journal={Clinical microbiology reviews},
	volume={15},
	number={2},
	pages={247--277},
	year={2002},
	publisher={Am Soc Microbiol}
}
@article{strain2013highly,
	title={Highly precise measurement of HIV DNA by droplet digital PCR},
	author={Strain, Matthew C and Lada, Steven M and Luong, Tiffany and Rought, Steffney E and Gianella, Sara and Terry, Valeri H and Spina, Celsa A and Woelk, Christopher H and Richman, Douglas D},
	journal={PloS one},
	volume={8},
	number={4},
	pages={e55943},
	year={2013},
	publisher={Public Library of Science}
}
@article{martinez2005hiv,
	title={HIV-1 intermittent viraemia in patients treated by non-nucleoside reverse transcriptase inhibitor-based regimen},
	author={Martinez, Val{\'e}rie and Marcelin, Anne-Genevi{\`e}ve and Morini, Jean-Pierre and Deleuze, Jean and Krivine, Anne and Gorin, Isabelle and Yerly, Sabine and Perrin, Luc and Peytavin, Gilles and Calvez, Vincent and others},
	journal={Aids},
	volume={19},
	number={10},
	pages={1065--1069},
	year={2005},
	publisher={LWW}
}

@book{hastie2015statistical,
	title={Statistical learning with sparsity: the lasso and generalizations},
	author={Hastie, Trevor and Tibshirani, Robert and Wainwright, Martin},
	year={2015},
	publisher={CRC press}
}


@article{stuart2001transient,
	title={Transient relapses (" blips") of plasma HIV RNA levels during HAART are associated with drug resistance},
	author={Stuart, JWTC and Wensing, Annemarie MJ and Kovacs, Colin and Righart, Maike and de Jong, Dorien and Kaye, Steve and Schuurman, Rob and Visser, Corjan JT and Boucher, Charles AB},
	journal={JAIDS-HAGERSTOWN MD-},
	volume={28},
	number={2},
	pages={105--113},
	year={2001},
	publisher={Lippincott Williams \& Wilkins}
}
@article{lee2006hiv,
	title={HIV-1 viral load blips are of limited clinical significance},
	author={Lee, Patricia K and Kieffer, Tara L and Siliciano, Robert F and Nettles, Richard E},
	journal={Journal of Antimicrobial Chemotherapy},
	volume={57},
	number={5},
	pages={803--805},
	year={2006},
	publisher={Oxford University Press}
}
@article{prabhakaran2014hiv,
	title={HIV haplotype inference using a propagating dirichlet process mixture model},
	author={Prabhakaran, Sandhya and Rey, Melanie and Zagordi, Osvaldo and Beerenwinkel, Niko and Roth, Volker},
	journal={IEEE/ACM transactions on computational biology and bioinformatics},
	volume={11},
	number={1},
	pages={182--191},
	year={2014},
	publisher={IEEE}
}
@article{SHCS,

author = {SHCS, The Swiss HIV Cohort Study and Schoeni-Affolter, Franziska and Ledergerber, Bruno and Rickenbach, Martin and Rudin, Christoph and Günthard, Huldrych F. and Telenti, Amalio and Furrer, Hansjakob and Yerly, Sabine and Francioli, Patrick},

title = {Cohort Profile: The Swiss HIV Cohort Study},

journal = {International Journal of Epidemiology},

volume = {39},

number = {5},

pages = {1179-1189},

year = {2010},

doi = {10.1093/ije/dyp321},

URL = {http://dx.doi.org/10.1093/ije/dyp321},

eprint = {/oup/backfile/content_public/journal/ije/39/5/10.1093/ije/dyp321/2/dyp321.pdf}

}
@article{chaisson1998impact,
	title={Impact of opportunistic disease on survival in patients with HIV infection},
	author={Chaisson, Richard E and Gallant, Joel E and Keruly, Jeanne C and Moore, Richard D},
	journal={Aids},
	volume={12},
	number={1},
	pages={29--33},
	year={1998},
	publisher={LWW}
}
@misc{HIVX,
	title={The {HIV-X MRD Project}},
	url={http://www.systemsx.ch/projects/medical-research-and-development-projects/hiv-x/},
	author={Huldrych, Günthard and Beerenwinkel, Niko and Bogojeska Jasmina and Bonhoeffer,Sebastian  and Fellay,Jacques and Kouyos,Roger and Metzner,Karin and Roth,Volker}
	}
@article{noe2005latent,
	title={The latent HIV-1 reservoir in patients undergoing HAART: an archive of pre-HAART drug resistance},
	author={No{\"e}, Ann and Plum, Jean and Verhofstede, Chris},
	journal={Journal of Antimicrobial Chemotherapy},
	volume={55},
	number={4},
	pages={410--412},
	year={2005},
	publisher={Oxford University Press}
}
@article{wainberg1998public,
	title={Public health implications of antiretroviral therapy and HIV drug resistance},
	author={Wainberg, Mark A and Friedland, Gerald},
	journal={Jama},
	volume={279},
	number={24},
	pages={1977--1983},
	year={1998},
	publisher={American Medical Association}
}
@article{bartlett2001overview,
	title={Overview of the effectiveness of triple combination therapy in antiretroviral-naive HIV-1 infected adults},
	author={Bartlett, John A and DeMasi, Ralph and Quinn, Joseph and Moxham, Cary and Rousseau, Franck},
	journal={Aids},
	volume={15},
	number={11},
	pages={1369--1377},
	year={2001},
	publisher={LWW}
}


@book{hoff2009first,
	title={A first course in Bayesian statistical methods},
	author={Hoff, Peter D},
	year={2009},
	publisher={Springer Science \& Business Media}
}
@article{2007extending,
	title={Extending the rank likelihood for semiparametric copula estimation},
	author={Hoff, Peter D and others},
	journal={The Annals of Applied Statistics},
	volume={1},
	number={1},
	pages={265--283},
	year={2007},
	publisher={Institute of Mathematical Statistics}
}


@article{tibshirani1996regression,
	title={Regression shrinkage and selection via the lasso},
	author={Tibshirani, Robert},
	journal={Journal of the Royal Statistical Society. Series B (Methodological)},
	pages={267--288},
	year={1996},
	publisher={JSTOR}
}
@article{park2008bayesian,
	title={The bayesian lasso},
	author={Park, Trevor and Casella, George},
	journal={Journal of the American Statistical Association},
	volume={103},
	number={482},
	pages={681--686},
	year={2008},
	publisher={Taylor \& Francis}
}
@article{friedman_sparse_2008,
	title = {Sparse inverse covariance estimation with the graphical lasso},
	volume = {9},
	issn = {1465-4644, 1468-4357},
	url = {https://academic.oup.com/biostatistics/article-lookup/doi/10.1093/biostatistics/kxm045},
	doi = {10.1093/biostatistics/kxm045},
	abstract = {We consider the problem of estimating sparse graphs by a lasso penalty applied to the inverse covariance matrix. Using a coordinate descent procedure for the lasso, we develop a simple algorithm— the Graphical Lasso— that is remarkably fast: it solves a 1000 node problem (∼ 500, 000 parameters) in at most a minute, and is 30 to 4000 times faster than competing methods. It also provides a conceptual link between the exact problem and the approximation suggested by Meinshausen \& Bu¨hlmann (2006). We illustrate the method on some cell-signaling data from proteomics.},
	language = {en},
	number = {3},
	urldate = {2018-04-03},
	journal = {Biostatistics},
	author = {Friedman, J. and Hastie, T. and Tibshirani, R.},
	month = jul,
	year = {2008},
	pages = {432--441},
	annote = {original glasso},
	file = {Friedman et al. - 2008 - Sparse inverse covariance estimation with the grap.pdf:/home/arefab00/Zotero/storage/9ZJDESI9/Friedman et al. - 2008 - Sparse inverse covariance estimation with the grap.pdf:application/pdf}
}



@misc{geweke1991efficient,
	title={Efficient simulation from the multivariate normal and student-t distributions subject to linear constraints and the evaluation of constraint probabilities},
	author={Geweke, John},
	year={1991},
	publisher={Seattle, USA}
}

@Misc{scipy,
	author =    {Eric Jones and Travis Oliphant and Pearu Peterson and others},
	title =     {{SciPy}: Open source scientific tools for {Python}},
	year =      {2001--},
	url = "http://www.scipy.org/"
}

@article{west_scale_1987,
	title = {On {Scale} {Mixtures} of {Normal} {Distributions}},
	volume = {74},
	issn = {00063444},
	url = {http://www.jstor.org/stable/2336707?origin=crossref},
	doi = {10.2307/2336707},
	abstract = {The exponential power family of distributions of Box \& Tiao (1973) is shown to be a subset of the class of scale mixtures of normals. The corresponding mixing distributions are explicitly obtained, identifying a close relationship between the exponential power family and a further class of normal scale mixtures, namely the stable distributions.},
	language = {en},
	number = {3},
	urldate = {2018-03-22},
	journal = {Biometrika},
	author = {West, Mike},
	month = sep,
	year = {1987},
	pages = {646}
}
@article{chopin2011fast,
	title={Fast simulation of truncated Gaussian distributions},
	author={Chopin, Nicolas},
	journal={Statistics and Computing},
	volume={21},
	number={2},
	pages={275--288},
	year={2011},
	publisher={Springer}
}
@article{kirkpatrick1983optimization,
	title={Optimization by simulated annealing},
	author={Kirkpatrick, Scott and Gelatt, C Daniel and Vecchi, Mario P},
	journal={science},
	volume={220},
	number={4598},
	pages={671--680},
	year={1983},
	publisher={American Association for the Advancement of Science}
}
@book{Bishop:2006:PRM:1162264,
	author = {Bishop, Christopher M.},
	title = {Pattern Recognition and Machine Learning (Information Science and Statistics)},
	year = {2006},
	isbn = {0387310738},
	publisher = {Springer-Verlag},
	address = {Berlin, Heidelberg},
} 
@article{geman1984stochastic,
	title={Stochastic relaxation, Gibbs distributions, and the Bayesian restoration of images},
	author={Geman, Stuart and Geman, Donald},
	journal={IEEE Transactions on pattern analysis and machine intelligence},
	number={6},
	pages={721--741},
	year={1984},
	publisher={IEEE}
}
@article{hastings1970monte,
	title={Monte Carlo sampling methods using Markov chains and their applications},
	author={Hastings, W Keith},
	year={1970},
	publisher={Oxford University Press}
}
@article{metropolis1953equation,
	title={Equation of state calculations by fast computing machines},
	author={Metropolis, Nicholas and Rosenbluth, Arianna W and Rosenbluth, Marshall N and Teller, Augusta H and Teller, Edward},
	journal={The journal of chemical physics},
	volume={21},
	number={6},
	pages={1087--1092},
	year={1953},
	publisher={AIP}
}

@article{nadarajah2018compendium,
	title={A Compendium of Copulas},
	author={Nadarajah, Saralees and Afuecheta, Emmanuel and Chan, Stephen},
	journal={Statistica},
	volume={77},
	number={4},
	pages={279--328},
	year={2018}
}
@article{sklar1959fonctions,
	title={Fonctions de repartition an dimensions et leurs marges},
	author={Sklar, M},
	journal={Publ. inst. statist. univ. Paris},
	volume={8},
	pages={229--231},
	year={1959}
}
@book{Murphy2013Machine,
	added-at = {2018-05-29T16:48:09.000+0200},
	author = {Murphy, Kevin P.},
	biburl = {https://www.bibsonomy.org/bibtex/270148d65a6a66e0ae962bf22c5f66148/karthikraman},
	citeulike-article-id = {11350907},
	citeulike-linkout-0 = {http://www.amazon.ca/exec/obidos/redirect?tag=citeulike09-20\&amp;path=ASIN/0262018020},
	citeulike-linkout-1 = {http://www.amazon.de/exec/obidos/redirect?tag=citeulike01-21\&amp;path=ASIN/0262018020},
	citeulike-linkout-10 = {http://www.worldcat.org/oclc/904442949},
	citeulike-linkout-2 = {http://www.amazon.fr/exec/obidos/redirect?tag=citeulike06-21\&amp;path=ASIN/0262018020},
	citeulike-linkout-3 = {http://www.amazon.jp/exec/obidos/ASIN/0262018020},
	citeulike-linkout-4 = {http://www.amazon.co.uk/exec/obidos/ASIN/0262018020/citeulike00-21},
	citeulike-linkout-5 = {http://www.amazon.com/exec/obidos/redirect?tag=citeulike07-20\&path=ASIN/0262018020},
	citeulike-linkout-6 = {http://www.worldcat.org/isbn/0262018020},
	citeulike-linkout-7 = {http://books.google.com/books?vid=ISBN0262018020},
	citeulike-linkout-8 = {http://www.amazon.com/gp/search?keywords=0262018020\&index=books\&linkCode=qs},
	citeulike-linkout-9 = {http://www.librarything.com/isbn/0262018020},
	day = 24,
	edition = 1,
	howpublished = {Hardcover},
	interhash = {e99d8a06cc36507b05c38192ab80573e},
	intrahash = {70148d65a6a66e0ae962bf22c5f66148},
	isbn = {0262018020},
	keywords = {iitm, library},
	month = aug,
	posted-at = {2015-10-08 12:11:48},
	priority = {2},
	publisher = {MIT Press},
	timestamp = {2018-05-29T16:48:09.000+0200},
	title = {Machine learning : a probabilistic perspective},
	url = {http://www.amazon.com/exec/obidos/redirect?tag=citeulike07-20\&path=ASIN/0262018020},
	year = 2013
}


@article{wang_bayesian_2012,
	title = {Bayesian {Graphical} {Lasso} {Models} and {Efficient} {Posterior} {Computation}},
	volume = {7},
	issn = {1936-0975, 1931-6690},
	url = {https://projecteuclid.org/euclid.ba/1354024465},
	doi = {10.1214/12-BA729},
	abstract = {Recently, the graphical lasso procedure has become popular in estimating Gaussian graphical models. In this paper, we introduce a fully Bayesian treatment of graphical lasso models. We first investigate the graphical lasso prior that has been relatively unexplored. Using data augmentation, we develop a simple but highly efficient block Gibbs sampler for simulating covariance matrices. We then generalize the Bayesian graphical lasso to the Bayesian adaptive graphical lasso. Finally, we illustrate and compare the results from our approach to those obtained using the standard graphical lasso procedures for real and simulated data. In terms of both covariance matrix estimation and graphical structure learning, the Bayesian adaptive graphical lasso appears to be the top overall performer among a range of frequentist and Bayesian methods.},
	language = {EN},
	number = {4},
	urldate = {2018-02-26},
	journal = {Bayesian Analysis},
	author = {Wang, Hao},
	month = dec,
	year = {2012},
	mrnumber = {MR3000017},
	zmnumber = {1330.62041},
	keywords = {Adaptive graphical lasso, Block Gibbs sampler, Constrained parameter spaces, Covariance matrix estimation, Double-exponential distribution, Graphical lasso},
	pages = {867--886},
	file = {euclid.ba.1354024465.pdf:/home/arefab00/Zotero/storage/F2RJEJ5E/euclid.ba.1354024465.pdf:application/pdf;Snapshot:/home/arefab00/Zotero/storage/2VRB2SIA/1354024465.html:text/html}
}
@article{gunthard2018human,
	title={Human Immunodeficiency Virus Drug Resistance: 2018 Recommendations of the International Antiviral Society--USA Panel},
	author={G{\"u}nthard, Huldrych F and Calvez, Vincent and Paredes, Roger and Pillay, Deenan and Shafer, Robert W and Wensing, Annemarie M and Jacobsen, Donna M and Richman, Douglas D},
	journal={Clinical Infectious Diseases},
	year={2018}
}
@article{abramson1999simulated,
	title={Simulated annealing cooling schedules for the school timetabling problem},
	author={Abramson, David and Krishnamoorthy, Mohan and Dang, Henry and others},
	journal={Asia Pacific Journal of Operational Research},
	volume={16},
	pages={1--22},
	year={1999},
	publisher={Citeseer}
}
@book{lauritzen1996graphical,
	title={Graphical models},
	author={Lauritzen, Steffen L},
	volume={17},
	year={1996},
	publisher={Clarendon Press}
}

@article{letac1983characterization,
	title={A characterization of the generalized inverse Gaussian distribution by continued fractions},
	author={Letac, G{\'e}rard and Seshadri, Vanamamalai},
	journal={Zeitschrift f{\"u}r Wahrscheinlichkeitstheorie und verwandte Gebiete},
	volume={62},
	number={4},
	pages={485--489},
	year={1983},
	publisher={Springer}
}
@inproceedings{fazayeli2016matrix,
	title={The matrix generalized inverse Gaussian distribution: Properties and applications},
	author={Fazayeli, Farideh and Banerjee, Arindam},
	booktitle={Joint European Conference on Machine Learning and Knowledge Discovery in Databases},
	pages={648--664},
	year={2016},
	organization={Springer}
}

@article{alimonti2003mechanisms,
	title={Mechanisms of CD4+ T lymphocyte cell death in human immunodeficiency virus infection and AIDS},
	author={Alimonti, Judie B and Ball, T Blake and Fowke, Keith R},
	journal={Journal of general Virology},
	volume={84},
	number={7},
	pages={1649--1661},
	year={2003},
	publisher={Microbiology Society}
}

@inproceedings{foygel2010extended,
	title={Extended Bayesian information criteria for Gaussian graphical models},
	author={Foygel, Rina and Drton, Mathias},
	booktitle={Advances in neural information processing systems},
	pages={604--612},
	year={2010}
}
@inproceedings{raman2012sparse,
	address = {Berlin, Heidelberg},
	title = {Sparse {Point} {Estimation} for {Bayesian} {Regression} via {Simulated} {Annealing}},
	isbn = {978-3-642-32717-9},
	abstract = {In the context of variable selection in a regression model, the classical Lasso based optimization approach provides a sparse estimate with respect to regression coefficients but is unable to provide more information regarding the distribution of regression coefficients. Alternatively, using a Bayesian approach is more advantageous since it gives direct access to the distribution which is usually summarized by estimating the expectation (not sparse) and variance. Additionally, to support frequent application requirements, heuristics like thresholding are generally used to produce sparse estimates for variable selection purposes. In this paper, we provide a more principled approach for generating a sparse point estimate in a Bayesian framework. We extend an existing Bayesian framework for sparse regression to generate a MAP estimate by using simulated annealing. We then justify this extension by showing that this MAP estimate is also sparse in the regression coefficients. Experiments on real world applications like the splice site detection and diabetes progression demonstrate the usefulness of the extension.},
	booktitle = {Pattern {Recognition}},
	publisher = {Springer Berlin Heidelberg},
	author = {Raman, Sudhir and Roth, Volker},
	editor = {Pinz, Axel and Pock, Thomas and Bischof, Horst and Leberl, Franz},
	year = {2012},
	pages = {317--326}
}

@phdthesis{kaufmann2017semi,
	title={Semi-parametric Gaussian copula models for machine learning},
	author={Kaufmann, Dinu},
	year={2017},
	school={University\_of\_Basel}
}
@article{baldi2000assessing,
	title={Assessing the accuracy of prediction algorithms for classification: an overview},
	author={Baldi, Pierre and Brunak, S{\o}ren and Chauvin, Yves and Andersen, Claus AF and Nielsen, Henrik},
	journal={Bioinformatics},
	volume={16},
	number={5},
	pages={412--424},
	year={2000},
	publisher={Oxford University Press}
}
@article{hormann2014generating,
	title={Generating generalized inverse Gaussian random variates},
	author={H{\"o}rmann, Wolfgang and Leydold, Josef},
	journal={Statistics and Computing},
	volume={24},
	number={4},
	pages={547--557},
	year={2014},
	publisher={Springer}
}
@book{gupta2018matrix,
	title={Matrix variate distributions},
	author={Gupta, Arjun K and Nagar, Daya K},
	year={2018},
	publisher={Chapman and Hall/CRC}
}
@book{gentle2009computational,
	title={Computational statistics},
	author={Gentle, James E},
	volume={308},
	year={2009},
	publisher={Springer}
}
@article{dagpunar1989easily,
	title={An easily implemented generalised inverse Gaussian generator},
	author={Dagpunar, JS},
	journal={Communications in Statistics-Simulation and Computation},
	volume={18},
	number={2},
	pages={703--710},
	year={1989},
	publisher={Taylor \& Francis}
}
@book{lehner1989erzeugung,
	title={Erzeugung von Zufallszahlen f{\"u}r zwei exotische stetige Verteilungen},
	author={Lehner, Kurt},
	year={1989},
	publisher={na}
}

@inproceedings{kaufmann_bayesian_2015,
	title={Bayesian markov blanket estimation},
	author={Kaufmann, Dinu and Parbhoo, Sonali and Wieczorek, Aleksander and Keller, Sebastian and Adametz, David and Roth, Volker},
	booktitle={Artificial Intelligence and Statistics},
	pages={333--341},
	year={2016}
}

@article{andrieu2003introduction,
	title={An introduction to MCMC for machine learning},
	author={Andrieu, Christophe and De Freitas, Nando and Doucet, Arnaud and Jordan, Michael I},
	journal={Machine learning},
	volume={50},
	number={1-2},
	pages={5--43},
	year={2003},
	publisher={Springer}
}

@article{butler_generalized_1998,
	title = {Generalized {Inverse} {Gaussian} {Distributions} and their {Wishart} {Connections}},
	volume = {25},
	issn = {1467-9469},
	url = {https://onlinelibrary.wiley.com/doi/abs/10.1111/1467-9469.00089},
	doi = {10.1111/1467-9469.00089},
	abstract = {The matrix generalized inverse Gaussian distribution (MGIG) is shown to arise as a conditional distribution of components of a Wishart distributio n. In the special scalar case, the characterization refers to members of the class of generalized inverse Gaussian distributions (GIGs) and includes the inverse Gaussian distribution among others},
	language = {en},
	number = {1},
	urldate = {2018-08-24},
	journal = {Scandinavian Journal of Statistics},
	author = {Butler, Ronald W.},
	month = mar,
	year = {1998},
	keywords = {generalized hyperbolic distribution, generalized inverse Gaussian distribution, inverse Gaussian distribution, matrix generalized hyperbolic distribution, matrix generalized inverse Gaussian distribution},
	pages = {69--75},
	file = {Full Text PDF:/home/arefab00/Zotero/storage/TAF5M77A/Butler - 1998 - Generalized Inverse Gaussian Distributions and the.pdf:application/pdf;Snapshot:/home/arefab00/Zotero/storage/YRCP9CPW/1467-9469.html:text/html}
}

@inproceedings{adametz2014information,
	title={Information Bottleneck for Pathway-Centric Gene Expression Analysis},
	author={Adametz, David and Rey, M{\'e}lanie and Roth, Volker},
	booktitle={German Conference on Pattern Recognition},
	pages={81--91},
	year={2014},
	organization={Springer}
}
@inproceedings{rey2012meta,
	title={Meta-Gaussian information bottleneck},
	author={Rey, M{\'e}lanie and Roth, Volker},
	booktitle={Advances in Neural Information Processing Systems},
	pages={1916--1924},
	year={2012}
}

@article{dempster1972covariance,
	title={Covariance selection},
	author={Dempster, Arthur P},
	journal={Biometrics},
	pages={157--175},
	year={1972},
	publisher={JSTOR}
}